@inproceedings{Ngoc:2009:ORE:1685167.1685421,
 author = {Ngoc, Do Thi Bich and Ogawa, Mizuhito},
 title = {Overflow and Roundoff Error Analysis via Model Checking},
 booktitle = {Proceedings of the 2009 Seventh IEEE International Conference on Software Engineering and Formal Methods},
 series = {SEFM '09},
 year = {2009},
 isbn = {978-0-7695-3870-9},
 pages = {105--114},
 numpages = {10},
 url = {http://dx.doi.org/10.1109/SEFM.2009.32},
 doi = {10.1109/SEFM.2009.32},
 acmid = {1685421},
 publisher = {IEEE Computer Society},
 address = {Washington, DC, USA},
 keywords = {program analysis, model checking, roundoff error, overflow error, affine interval},
} 

@inproceedings{Ngoc:2010:CRE:1858996.1859056,
 author = {Ngoc, Do Thi Bich and Ogawa, Mizuhito},
 title = {Checking Roundoff Errors Using Counterexample-guided Narrowing},
 booktitle = {Proceedings of the IEEE/ACM International Conference on Automated Software Engineering},
 series = {ASE '10},
 year = {2010},
 isbn = {978-1-4503-0116-9},
 location = {Antwerp, Belgium},
 pages = {301--304},
 numpages = {4},
 url = {http://doi.acm.org/10.1145/1858996.1859056},
 doi = {10.1145/1858996.1859056},
 acmid = {1859056},
 publisher = {ACM},
 address = {New York, NY, USA},
 keywords = {affine interval, counterexample, roundoff error, static analysis, testing},
} 

@article{Lucas:2008:CCS:1361735.1361760,
 author = {Lucas, Salvador and Navarro-Marset, Rafael},
 title = {Comparing CSP and SAT Solvers for Polynomial Constraints in Termination Provers},
 journal = {Electron. Notes Theor. Comput. Sci.},
 issue_date = {April, 2008},
 volume = {206},
 month = apr,
 year = {2008},
 issn = {1571-0661},
 pages = {75--90},
 numpages = {16},
 url = {http://dx.doi.org/10.1016/j.entcs.2008.03.076},
 doi = {10.1016/j.entcs.2008.03.076},
 acmid = {1361760},
 publisher = {Elsevier Science Publishers B. V.},
 address = {Amsterdam, The Netherlands, The Netherlands},
 keywords = {Polynomial interpretations, program analysis, term rewriting, termination},
}

@incollection{Colon,
year={2003},
isbn={978-3-540-40524-5},
booktitle={Computer Aided Verification},
volume={2725},
series={Lecture Notes in Computer Science},
editor={Hunt, WarrenA., Jr. and Somenzi, Fabio},
doi={10.1007/978-3-540-45069-6_39},
title={Linear Invariant Generation Using Non-linear Constraint Solving},
url={http://dx.doi.org/10.1007/978-3-540-45069-6_39},
publisher={Springer Berlin Heidelberg},
author={Col√≥n, MichaelA. and Sankaranarayanan, Sriram and Sipma, HennyB.},
pages={420-432},
language={English}
}

@article{Sankaranarayanan:2004:NLI:982962.964028,
 author = {Sankaranarayanan, Sriram and Sipma, Henny B. and Manna, Zohar},
 title = {Non-linear Loop Invariant Generation Using Gr\&\#246;Bner Bases},
 journal = {SIGPLAN Not.},
 issue_date = {January 2004},
 volume = {39},
 number = {1},
 month = jan,
 year = {2004},
 issn = {0362-1340},
 pages = {318--329},
 numpages = {12},
 url = {http://doi.acm.org/10.1145/982962.964028},
 doi = {10.1145/982962.964028},
 acmid = {964028},
 publisher = {ACM},
 address = {New York, NY, USA},
 keywords = {Gr\"{o}bner bases, constraint programming, ideals, invariant generation, program analysis, symbolic computation, verification},
}

@INPROCEEDINGS{Sankaranarayanan04constructinginvariants,
    author = {Sriram Sankaranarayanan and Henny Sipma and Zohar Manna},
    title = {Constructing Invariants for Hybrid Systems},
    booktitle = {in Hybrid Systems: Computation and Control, LNCS 2993},
    year = {2004},
    pages = {539--554},
    publisher = {Springer-Verlag}
}